@article{hyvarinen2000independent,
  title={Independent component analysis: algorithms and applications},
  author={Hyv{\"a}rinen, Aapo and Oja, Erkki},
  journal={Neural networks},
  volume={13},
  number={4},
  pages={411--430},
  year={2000},
  publisher={Elsevier}
}


@book{Fan,
	title={The Elements of Financial Econometrics},
	author={Jianqing Fan and Qiwei Yao},
	year={2015},
	publisher={Science Press}
}

@book{boyd2004convex,
  title={Convex optimization},
  author={Boyd, Stephen and Vandenberghe, Lieven},
  year={2004},
  publisher={Cambridge university press}
}

@book{jolliffe2002principal,
  title={Principal component analysis},
  author={Jolliffe, Ian},
  year={2002},
  publisher={Wiley Online Library}
}

@article{schmid2010dynamic,
  title={Dynamic mode decomposition of numerical and experimental data},
  author={Schmid, Peter J},
  journal={Journal of Fluid Mechanics},
  volume={656},
  pages={5--28},
  year={2010},
  publisher={Cambridge Univ Press}
}

@article{rowley2009spectral,
  title={Spectral analysis of nonlinear flows},
  author={Rowley, Clarence W and Mezi{\'c}, Igor and Bagheri, Shervin and Schlatter, Philipp and Henningson, Dan S},
  journal={Journal of fluid mechanics},
  volume={641},
  pages={115--127},
  year={2009},
  publisher={Cambridge Univ Press}
}


@book{elsbook,
   title = {The elements of statistical learning : data mining, inference, and prediction},
   author = {Hastie, Trevor and Tibshirani, Robert John and Friedman, Jerome},
   series = {Springer series in statistics},
   publisher = {Springer},
     year = {2009}
}

@article{bishop2006pattern,
  title={Pattern recognition},
  author={Bishop, Christopher M},
  journal={Machine Learning},
  volume={128},
  year={2006}
}
